%1
@ARTICLE{Armstrong,
	AUTHOR = "J. A. Armstrong, P. A. Ferguson, M. K. Gaillard, M. Greenwood, S. V. Jaskolski, A. K. Jones, G. M. Langford, J. Lubchenco, E. L. Menger, J. A. Miller Jr, et al.",
	JOURNAL = { National science foundation},
	YEAR = {2001}	}
%2
@article{carvalho2006grandes,
  title={Grandes Desafios da Pesquisa em Computa{\c{c}}{\~a}o no Brasil--2006--2016},
  author={Carvalho, ACP de LF and Ponce de Leon, F de and others},
  journal={S{\~a}o Paulo: Sociedade Brasileira de Computa{\c{c}}{\~a}o},
  year={2006}
}
%3 checar bib
@ARTICLE{Trapp,
	AUTHOR = "B. Trapp",
	TITLE = "Raspberry pi: The perfect home server. Linux J.",
	JOURNAL = {São Paulo: Sociedade Brasileira de Computação},
	MONTH = "May",
	YEAR = {2013}	}

%4
@inproceedings{wirth2014making,
  title={Making Programs With The Raspberry Pi},
  author={Wirth, Michael and McCuaig, Judi},
  booktitle={Proceedings of the Western Canadian Conference on Computing Education},
  pages={17},
  year={2014},
  organization={ACM}
}


%5
@article{krishnakumarframework,
  title={A Framework for IoT Sensor Data Analytics and Visualisation in Cloud Computing Environments},
  author={Krishnakumar, Kumaraswamy and Gubbi, Jayavardhana and Buyya, Rajkumar}
}

%6
@article{krishnakumarframework,
  title={"Innovations in Ubicomp Products."},
  author={DOESn’t FIt All, OnE SIzE},
  year={2013}
}

		
@misc{raspberryfoundation,
	AUTHOR = "RASPBERRY PI FOUNDATION",
	TITLE = " What is a Raspberry Pi?",
	MONTH = "October",
	YEAR = {2014},
	howpublished={\url{http://www.raspberrypi.org/help/what-is-a-raspberry-pi/}},	
	note = "[Online; accessed 04-October-2014]"}

@misc{piproject,
	AUTHOR = "THE PI4J PROJECT",
	TITLE = "Welcome to Pi4J!",
	MONTH = "October",
	YEAR = {2014},
	howpublished={\url{http://pi4j.com/index.html}},	
	note = "[Online; accessed 02-October-2014]"}

%
@book{dennis2013raspberry,
  title={Raspberry Pi Home Automation with Arduino},
  author={Dennis, Andrew K},
  year={2013},
  publisher={Packt Publishing Ltd}
}
%
@misc{wiring,
	AUTHOR = "WIRING PI",
	TITLE = "Wiring Pi - GPIO Interface Library for the Raspberry Pi – About",
	MONTH = "October",
	YEAR = {2014},
	howpublished={\url{http://wiringpi.com/}},	
	note = "[Online; accessed 02-October-2014]"}

%%%%%%%%%%%%%%%%%%%%%%%%%%%%%%%%%%%%%%%%%%%%%%%%%%%%%%%%%%%%%%%%%%%%%%%
@ARTICLE{braams:babel,
	AUTHOR = "Johannes Braams",
	TITLE = "Babel, a Multilingual Style-Option System for Use with LaTeX's Standard Document Styles",
	JOURNAL = {TUGboat},
	VOLUME = {12},
	NUMBER = {2},
	PAGES = {291-301},
	MONTH = "June",
	YEAR = {1991}	}

@INPROCEEDINGS{clark:pct,
	AUTHOR = "Malcolm Clark",
	TITLE = "Post Congress Tristesse",
	BOOKTITLE = "TeX90 Conference Proceedings",
	PAGES = "84-89",
	ORGANIZATION = "TeX Users Group",
	MONTH = "March", 
	YEAR = {1991}	}

@ARTICLE{herlihy:methodology,
	AUTHOR = "Maurice Herlihy",
	TITLE = "A Methodology for Implementing Highly Concurrent
	Data Objects",
	JOURNAL = {ACM Trans. Program. Lang. Syst.},
	VOLUME = {15},
	NUMBER = {5},
	PAGES = {745-770},
	MONTH = "November",
	YEAR = {1993}	}

@BOOK{Lamport:LaTeX,
	AUTHOR = "Leslie Lamport",
	TITLE = "LaTeX User's Guide and Document Reference Manual",
	PUBLISHER = "Addison-Wesley Publishing Company",
	ADDRESS = "Reading, Massachusetts",
	YEAR = "1986"	}

@BOOK{salas:calculus,
	AUTHOR = "S.L. Salas and Einar Hille",
	TITLE = "Calculus: One and Several Variable",
	PUBLISHER = "John Wiley and Sons",
	ADDRESS = "New York",
	YEAR = "1978"	}






